<marcxml:record xmlns:marcxml="http://www.loc.gov/MARC21/slim" xmlns:mets="http://www.loc.gov/METS/" xmlns:bf="http://id.loc.gov/ontologies/bibframe/" xmlns:bflc="http://id.loc.gov/ontologies/bflc/" xmlns:madsrdf="http://www.loc.gov/mads/rdf/v1#" xmlns:rdf="http://www.w3.org/1999/02/22-rdf-syntax-ns#" xmlns:ri="http://id.loc.gov/ontologies/RecordInfo#" xmlns:idx="info:lc/xq-modules/lcindex" xmlns:semtriples="http://marklogic.com/semantic" xmlns:xsi="http://www.w3.org/2001/XMLSchema-instance" xmlns:xlink="http://www.w3.org/1999/xlink" xmlns:streams="info:lc/streams#">
  <marcxml:leader>01387pam a2200337 a 4500</marcxml:leader>
  <marcxml:controlfield tag="001">634515</marcxml:controlfield>
  <marcxml:controlfield tag="005">20140624093057.0</marcxml:controlfield>
  <marcxml:controlfield tag="008">930407s1993    mauab    d    001 0 eng  </marcxml:controlfield>
  <marcxml:datafield tag="906" ind1=" " ind2=" ">
    <marcxml:subfield code="a">7</marcxml:subfield>
    <marcxml:subfield code="b">cbc</marcxml:subfield>
    <marcxml:subfield code="c">orignew</marcxml:subfield>
    <marcxml:subfield code="d">1</marcxml:subfield>
    <marcxml:subfield code="e">ocip</marcxml:subfield>
    <marcxml:subfield code="f">19</marcxml:subfield>
    <marcxml:subfield code="g">y-gencatlg</marcxml:subfield>
  </marcxml:datafield>
  <marcxml:datafield tag="955" ind1=" " ind2=" ">
    <marcxml:subfield code="a">pc18 to la00 04-07-93; lh02 04-08-93/lh07 04-12-93 to Subj.; lh03 04-13-93; lj05 04-14-93; aa21 04-15-93; CIP ver. pv07 08-19-93</marcxml:subfield>
  </marcxml:datafield>
  <marcxml:datafield tag="010" ind1=" " ind2=" ">
    <marcxml:subfield code="a">   93019568 </marcxml:subfield>
  </marcxml:datafield>
  <marcxml:datafield tag="020" ind1=" " ind2=" ">
    <marcxml:subfield code="a">0395655978 :</marcxml:subfield>
    <marcxml:subfield code="c">FPT $24.95</marcxml:subfield>
  </marcxml:datafield>
  <marcxml:datafield tag="035" ind1=" " ind2=" ">
    <marcxml:subfield code="9">(DLC)   93019568</marcxml:subfield>
  </marcxml:datafield>
  <marcxml:datafield tag="040" ind1=" " ind2=" ">
    <marcxml:subfield code="a">DLC</marcxml:subfield>
    <marcxml:subfield code="c">DLC</marcxml:subfield>
    <marcxml:subfield code="d">DLC</marcxml:subfield>
  </marcxml:datafield>
  <marcxml:datafield tag="043" ind1=" " ind2=" ">
    <marcxml:subfield code="a">n-us---</marcxml:subfield>
  </marcxml:datafield>
  <marcxml:datafield tag="050" ind1="0" ind2="0">
    <marcxml:subfield code="a">E169.1</marcxml:subfield>
    <marcxml:subfield code="b">.H6 1993</marcxml:subfield>
  </marcxml:datafield>
  <marcxml:datafield tag="082" ind1="0" ind2="0">
    <marcxml:subfield code="a">973/.03</marcxml:subfield>
    <marcxml:subfield code="2">20</marcxml:subfield>
  </marcxml:datafield>
  <marcxml:datafield tag="100" ind1="1" ind2=" ">
    <marcxml:subfield code="a">Hirsch, E. D.</marcxml:subfield>
    <marcxml:subfield code="q">(Eric Donald),</marcxml:subfield>
    <marcxml:subfield code="d">1928-</marcxml:subfield>
  </marcxml:datafield>
  <marcxml:datafield tag="245" ind1="1" ind2="4">
    <marcxml:subfield code="a">The dictionary of cultural literacy /</marcxml:subfield>
    <marcxml:subfield code="c">E.D. Hirsch, Jr., Joseph F. Kett, James Trefil.</marcxml:subfield>
  </marcxml:datafield>
  <marcxml:datafield tag="250" ind1=" " ind2=" ">
    <marcxml:subfield code="a">2nd ed., rev. and updated.</marcxml:subfield>
  </marcxml:datafield>
  <marcxml:datafield tag="260" ind1=" " ind2=" ">
    <marcxml:subfield code="a">Boston :</marcxml:subfield>
    <marcxml:subfield code="b">Houghton Mifflin,</marcxml:subfield>
    <marcxml:subfield code="c">1993.</marcxml:subfield>
  </marcxml:datafield>
  <marcxml:datafield tag="300" ind1=" " ind2=" ">
    <marcxml:subfield code="a">xix, 619 p. :</marcxml:subfield>
    <marcxml:subfield code="b">ill., maps ;</marcxml:subfield>
    <marcxml:subfield code="c">25 cm.</marcxml:subfield>
  </marcxml:datafield>
  <marcxml:datafield tag="500" ind1=" " ind2=" ">
    <marcxml:subfield code="a">Includes index.</marcxml:subfield>
  </marcxml:datafield>
  <marcxml:datafield tag="651" ind1=" " ind2="0">
    <marcxml:subfield code="a">United States</marcxml:subfield>
    <marcxml:subfield code="x">Civilization</marcxml:subfield>
    <marcxml:subfield code="x">Dictionaries.</marcxml:subfield>
  </marcxml:datafield>
  <marcxml:datafield tag="650" ind1=" " ind2="0">
    <marcxml:subfield code="a">Civilization</marcxml:subfield>
    <marcxml:subfield code="x">Dictionaries.</marcxml:subfield>
  </marcxml:datafield>
  <marcxml:datafield tag="650" ind1=" " ind2="0">
    <marcxml:subfield code="a">English language</marcxml:subfield>
    <marcxml:subfield code="x">Dictionaries.</marcxml:subfield>
  </marcxml:datafield>
  <marcxml:datafield tag="700" ind1="1" ind2=" ">
    <marcxml:subfield code="a">Kett, Joseph F.</marcxml:subfield>
  </marcxml:datafield>
  <marcxml:datafield tag="700" ind1="1" ind2=" ">
    <marcxml:subfield code="a">Trefil, James,</marcxml:subfield>
    <marcxml:subfield code="d">1938-</marcxml:subfield>
  </marcxml:datafield>
  <marcxml:datafield tag="856" ind1="4" ind2="2">
    <marcxml:subfield code="3">Publisher description</marcxml:subfield>
    <marcxml:subfield code="u">http://www.loc.gov/catdir/description/hm021/93019568.html</marcxml:subfield>
  </marcxml:datafield>
  <marcxml:datafield tag="856" ind1="4" ind2="2">
    <marcxml:subfield code="3">Contributor biographical information</marcxml:subfield>
    <marcxml:subfield code="u">http://www.loc.gov/catdir/enhancements/fy0736/93019568-b.html</marcxml:subfield>
  </marcxml:datafield>
  <marcxml:datafield tag="991" ind1=" " ind2=" ">
    <marcxml:subfield code="b">c-GenColl</marcxml:subfield>
    <marcxml:subfield code="h">E169.1</marcxml:subfield>
    <marcxml:subfield code="i">.H6 1993</marcxml:subfield>
    <marcxml:subfield code="p">00039092864</marcxml:subfield>
    <marcxml:subfield code="t">Copy 1</marcxml:subfield>
    <marcxml:subfield code="w">BOOKS</marcxml:subfield>
  </marcxml:datafield>
</marcxml:record>
